@article{xu2009staircase,
title={Staircase evacuation modeling and its comparison with an egress drill},
author={Xu, Xuan and Song, Weiguo},
journal={Building and Environment},
volume={44},
number={5},
pages={1039--1046},
year={2009},
publisher={Elsevier}
}

@article{chen2009fast,
  title={A fast flow control algorithm for real-time emergency evacuation in large indoor areas},
  author={Chen, Po-Han and Feng, Feng},
  journal={Fire Safety Journal},
  volume={44},
  number={5},
  pages={732--740},
  year={2009},
  publisher={Elsevier}
}
@article{white1972dynamic,
  title={Dynamic transshipment networks: An algorithm and its application to the distribution of empty containers},
  author={White, William W},
  journal={Networks},
  volume={2},
  number={3},
  pages={211--236},
  year={1972},
  publisher={Wiley Online Library}
}
@inproceedings{inoue2008indoor,
  title={Indoor emergency evacuation service on autonomous navigation system using mobile phone},
  author={Inoue, Yutaka and Sashima, Akio and Ikeda, Takeshi and Kurumatani, Koichi},
  booktitle={Universal Communication, 2008. ISUC'08. Second International Symposium on},
  pages={79--85},
  year={2008},
  organization={IEEE}
}

@misc{waittime,
  title = {{10 Reasons You Should Skip the Louvre}},
  howpublished = "\url{https://theculturetrip.com/europe/france/paris/articles/10-reasons-you-should-skip-the-louvre/}",
  year = {2017}, 
  note = "[Online; accessed 28-January-2019]"
}
